@book{immerman1999descriptive,
  title={Descriptive Complexity},
  author={Immerman, N.},
  isbn={9780387986005},
  lccn={lc98033563},
  series={Graduate texts in computer science},
  url={http://books.google.it/books?id=kWSZ0OWnupkC},
  year={1999},
  publisher={Springer New York}
}
@misc{Bussche,
  title  = "Introduction to Finite Model Theory",
  author = "Jan Van den Bussche",
  url    = "http://dtai.cs.kuleuven.be/krr/files/seminars/IntroToFMT-janvdbussche.pdf",
  year   = "accessed December 18, 2014"
}